<record><leader>00000cas a2200000   4500</leader><controlfield tag="001">4050610</controlfield><controlfield tag="008">780713u1886uuuudeudr nea     0   a0eng  </controlfield><datafield ind1=" " ind2=" " tag="010"><subfield code="a">   76645125 </subfield></datafield><datafield ind1=" " ind2=" " tag="040"><subfield code="a">DLC</subfield><subfield code="b">eng</subfield><subfield code="c">DLC</subfield><subfield code="d">OCL</subfield><subfield code="d">OCLCQ</subfield></datafield><datafield ind1=" " ind2=" " tag="042"><subfield code="a">pcc</subfield></datafield><datafield ind1="0" ind2="0" tag="050"><subfield code="a">Newspaper</subfield></datafield><datafield ind1="0" ind2="0" tag="245"><subfield code="a">Journal-every evening</subfield><subfield code="h">[microform].</subfield></datafield><datafield ind1=" " ind2=" " tag="260"><subfield code="a">Wilmington, Del.</subfield><subfield code="b">[News-Journal Co.]</subfield></datafield><datafield ind1=" " ind2=" " tag="300"><subfield code="a">v.</subfield><subfield code="b">ill.</subfield><subfield code="c">60 cm.</subfield></datafield><datafield ind1="1" ind2=" " tag="362"><subfield code="a">Began in 1886.</subfield><subfield code="z">Cf. Gregory, W. Amer. newspapers, 1937.</subfield></datafield><datafield ind1=" " ind2=" " tag="500"><subfield code="a">Title varies slightly.</subfield></datafield><datafield ind1=" " ind2=" " tag="533"><subfield code="a">Microfilm.</subfield><subfield code="b">Wooster, Ohio,</subfield><subfield code="c">MicroPhoto Division, Bell &amp; Howell,</subfield><subfield code="d">&lt;[1968-]&gt;</subfield><subfield code="e">reels. 35 mm.</subfield></datafield><datafield ind1=" " ind2=" " tag="752"><subfield code="a">[United States</subfield><subfield code="b">Delaware</subfield><subfield code="d">Wilmington]</subfield></datafield><datafield ind1=" " ind2=" " tag="936"><subfield code="a">unknown</subfield></datafield><datafield ind1="1" ind2=" " tag="029"><subfield code="a">AU@</subfield><subfield code="b">000025581307</subfield></datafield></record>